 %{AMS}
 @String{AMSTrans = "American Mathematical Society Translations" }
 @String{AMSTrans = "Amer. Math. Soc. Transl." }
 @String{BullAMS = "Bulletin of the American Mathematical Society" }
 @String{BullAMS = "Bull. Amer. Math. Soc." }
 @String{ProcAMS = "Proceedings of the American Mathematical Society" }
 @String{ProcAMS = "Proc. Amer. Math. Soc." }
 @String{TransAMS = "Transactions of the American Mathematical Society" }
 @String{TransAMS = "Trans. Amer. Math. Soc." }

 %ACM
 @String{CACM = "Communications of the {ACM}" }
 @String{CACM = "Commun. {ACM}" }
 @String{CompServ = "Comput. Surveys" }
 @String{JACM = "J. ACM" }
 @String{ACMMathSoft = "{ACM} Transactions on Mathematical Software" }
 @String{ACMMathSoft = "{ACM} Trans. Math. Software" }
 @String{SIGNUM = "{ACM} {SIGNUM} Newsletter" }
 @String{SIGNUM = "{ACM} {SIGNUM} Newslett." }

 @String{AmerSocio = "American Journal of Sociology" }
 @String{AmerStatAssoc = "Journal of the American Statistical Association" }
 @String{AmerStatAssoc = "J. Amer. Statist. Assoc." }
 @String{ApplMathComp = "Applied Mathematics and Computation" }
 @String{ApplMathComp = "Appl. Math. Comput." }
 @String{AmerMathMonthly = "American Mathematical Monthly" }
 @String{AmerMathMonthly = "Amer. Math. Monthly" }
 @String{BIT = "{BIT}" }
 @String{BritStatPsych = "British Journal of Mathematical and Statistical Psychology" }
 @String{BritStatPsych = "Brit. J. Math. Statist. Psych." }
 @String{CanMathBull = "Canadian Mathematical Bulletin" }
 @String{CanMathBull = "Canad. Math. Bull." }
 @String{CompApplMath = "Journal of Computational and Applied Mathematics" }
 @String{CompApplMath = "J. Comput. Appl. Math." }
 @String{CompPhys = "Journal of Computational Physics" }
 @String{CompPhys = "J. Comput. Phys." }
 @String{CompStruct = "Computers and Structures" }
 @String{CompStruct = "Comput. \& Structures" }
 @String{CompJour = "The Computer Journal" }
 @String{CompJour = "Comput. J." }
 @String{CompSysSci = "Journal of Computer and System Sciences" }
 @String{CompSysSci = "J. Comput. System Sci." }
 @String{Computing = "Computing" }
 @String{ContempMath = "Contemporary Mathematics" }
 @String{ContempMath = "Contemp. Math." }
 @String{Crelle = "Crelle's Journal" }
 @String{GiornaleMath = "Giornale di Mathematiche" }
 @String{GiornaleMath = "Giorn. Mat." } % didn't find in AMS MR., ibid.

 %IEEE
 @String{Computer = "{IEEE} Computer" }
 @String{IEEETransComp = "{IEEE} Transactions on Computers" }
 @String{IEEETransComp = "{IEEE} Trans. Comput." }
 @String{IEEETransAC = "{IEEE} Transactions on Automatic Control" }
 @String{IEEETransAC = "{IEEE} Trans. Automat. Control" }
 @String{IEEESpec = "{IEEE} Spectrum" } % didn't find in AMS MR
 @String{ProcIEEE = "Proceedings of the {IEEE}" }
 @String{ProcIEEE = "Proc. {IEEE}" } % didn't find in AMS MR
 @String{IEEETransAeroElec = "{IEEE} Transactions on Aerospace and Electronic Systems" }
 @String{IEEETransAeroElec = "{IEEE} Trans. Aerospace Electron. Systems" }

 @String{IMANumerAna = "{IMA} Journal of Numerical Analysis" }
 @String{IMANumerAna = "{IMA} J. Numer. Anal." }
 @String{InfProcLet = "Information Processing Letters" }
 @String{InfProcLet = "Inform. Process. Lett." }
 @String{InstMathApp = "Journal of the Institute of Mathematics and its Applications" }
 @String{InstMathApp = "J. Inst. Math. Appl." }
 @String{IntControl = "International Journal of Control" }
 @String{IntControl = "Internat. J. Control" }
 @String{IntNumerEng = "International Journal for Numerical Methods in Engineering" }
 @String{IntNumerEng = "Internat. J. Numer. Methods Engrg." }
 @String{IntSuper = "International Journal of Supercomputing Applications" }
 @String{IntSuper = "Internat. J. Supercomputing Applic." } % didn't find
%% in AMS MR
 @String{Kibernetika = "Kibernetika" }
 @String{JResNatBurStand = "Journal of Research of the National Bureau of Standards" }
 @String{JResNatBurStand = "J. Res. Nat. Bur. Standards" }
 @String{LinAlgApp = "Linear Algebra and its Applications" }
 @String{LinAlgApp = "Linear Algebra Appl." }
 @String{MathAnaAppl = "Journal of Mathematical Analysis and Applications" }
 @String{MathAnaAppl = "J. Math. Anal. Appl." }
 @String{MathAnnalen = "Mathematische Annalen" }
 @String{MathAnnalen = "Math. Ann." }
 @String{MathPhys = "Journal of Mathematical Physics" }
 @String{MathPhys = "J. Math. Phys." }
 @String{MathComp = "Mathematics of Computation" }
 @String{MathComp = "Math. Comp." }
 @String{MathScand = "Mathematica Scandinavica" }
 @String{MathScand = "Math. Scand." }
 @String{TablesAidsComp = "Mathematical Tables and Other Aids to Computation" }
 @String{TablesAidsComp = "Math. Tables Aids Comput." }
 @String{NumerMath = "Numerische Mathematik" }
 @String{NumerMath = "Numer. Math." }
 @String{PacificMath = "Pacific Journal of Mathematics" }
 @String{PacificMath = "Pacific J. Math." }
 @String{ParDistComp = "Journal of Parallel and Distributed Computing" }
 @String{ParDistComp = "J. Parallel and Distrib. Comput." } % didn't find
%% in AMS MR
 @String{ParComputing = "Parallel Computing" }
 @String{ParComputing = "Parallel Comput." }
 @String{PhilMag = "Philosophical Magazine" }
 @String{PhilMag = "Philos. Mag." }
 @String{ProcNAS = "Proceedings of the National Academy of Sciences of the USA" }
 @String{ProcNAS = "Proc. Nat. Acad. Sci. U. S. A." }
 @String{Psychometrika = "Psychometrika" }
 @String{QuartMath = "Quarterly Journal of Mathematics, Oxford, Series (2)" }
 @String{QuartMath = "Quart. J. Math. Oxford Ser. (2)" }
 @String{QuartApplMath = "Quarterly of Applied Mathematics" }
 @String{QuartApplMath = "Quart. Appl. Math." }
 @String{RevueInstStat = "Review of the International Statisical Institute" }
 @String{RevueInstStat = "Rev. Inst. Internat. Statist." }

 %SIAM
 @String{JSIAM = "Journal of the Society for Industrial and Applied Mathematics" }
 @String{JSIAM = "J. Soc. Indust. Appl. Math." }
 @String{JSIAMB = "Journal of the Society for Industrial and Applied Mathematics, Series B, Numerical Analysis" }
 @String{JSIAMB = "J. Soc. Indust. Appl. Math. Ser. B Numer. Anal." }
 @String{SIAMAlgMeth = "{SIAM} Journal on Algebraic and Discrete Methods" }
 @String{SIAMAlgMeth = "{SIAM} J. Algebraic Discrete Methods" }
 @String{SIAMAppMath = "{SIAM} Journal on Applied Mathematics" }
 @String{SIAMAppMath = "{SIAM} J. Appl. Math." }
 @String{SIAMComp = "{SIAM} Journal on Computing" }
 @String{SIAMComp = "{SIAM} J. Comput." }
 @String{SIAMMatrix = "{SIAM} Journal on Matrix Analysis and Applications" }
 @String{SIAMMatrix = "{SIAM} J. Matrix Anal. Appl." }
 @String{SIAMNumAnal = "{SIAM} Journal on Numerical Analysis" }
 @String{SIAMNumAnal = "{SIAM} J. Numer. Anal." }
 @String{SIAMReview = "{SIAM} Review" }
 @String{SIAMReview = "{SIAM} Rev." }
 @String{SIAMSciStat = "{SIAM} Journal on Scientific and Statistical Computing" }
 @String{SIAMSciStat = "{SIAM} J. Sci. Statist. Comput." }

 @String{SoftPracExp = "Software Practice and Experience" }
 @String{SoftPracExp = "Software Prac. Experience" } % didn't find in AMS MR
 @String{StatScience = "Statistical Science" }
 @String{StatScience = "Statist. Sci." }
 @String{Techno = "Technometrics" }
 @String{USSRCompMathPhys = "{USSR} Computational Mathematics and Mathematical Physics" }
 @String{USSRCompMathPhys = "{U. S. S. R.} Comput. Math. and Math. Phys." }
 @String{VLSICompSys = "Journal of {VLSI} and Computer Systems" }
 @String{VLSICompSys = "J. {VLSI} Comput. Syst." }
 @String{ZAngewMathMech = "Zeitschrift fur Angewandte Mathematik und Mechanik" }
 @String{ZAngewMathMech = "Z. Angew. Math. Mech." }
 @String{ZAngewMathPhys = "Zeitschrift fur Angewandte Mathematik und Physik" }
 @String{ZAngewMathPhys = "Z. Angew. Math. Phys." }

% Publishers % ================================================= |

 @String{Academic = "Academic Press" }
 @String{ACMPress = "{ACM} Press" }
 @String{AdamHilger = "Adam Hilger" }
 @String{AddisonWesley = "Addison-Wesley" }
 @String{AllynBacon = "Allyn and Bacon" }
 @String{AMS = "American Mathematical Society" }
 @String{Birkhauser = "Birkha{\"u}ser" }
 @String{CambridgePress = "Cambridge University Press" }
 @String{Chelsea = "Chelsea" }
 @String{ClaredonPress = "Claredon Press" }
 @String{DoverPub = "Dover Publications" }
 @String{Eyolles = "Eyolles" }
 @String{HoltRinehartWinston = "Holt, Rinehart and Winston" }
 @String{Interscience = "Interscience" }
 @String{JohnsHopkinsPress = "The Johns Hopkins University Press" }
 @String{JohnWileySons = "John Wiley and Sons" }
 @String{Macmillan = "Macmillan" }
 @String{MathWorks = "The Math Works Inc." }
 @String{McGrawHill = "McGraw-Hill" }
 @String{NatBurStd = "National Bureau of Standards" }
 @String{NorthHolland = "North-Holland" }
 @String{OxfordPress = "Oxford University Press" }  %address Oxford or London?
 @String{PergamonPress = "Pergamon Press" }
 @String{PlenumPress = "Plenum Press" }
 @String{PrenticeHall = "Prentice-Hall" }
 @String{SIAMPub = "{SIAM} Publications" }
 @String{Springer = "Springer-Verlag" }
 @String{TexasPress = "University of Texas Press" }
 @String{VanNostrand = "Van Nostrand" }
 @String{WHFreeman = "W. H. Freeman and Co." }


@Incollection{Roberts18,
  author =       "Charles Roberts and Graham Wakefield",
  title =        "Tensions and Techniques in Live Coding Performance",
  booktitle =    "The Oxford Handbook of Algorithmic Music",
  publisher =    "Oxford University Press",
  address =      "New York, NY",
  year =         "2018",
  chapter =      "16",
  editor =       "Alex McLean and Roger T. Dean",
  pages =        "293",
}

@online{Schottstaedt2021,
  author =       "Bill Schottstaedt",
  year =         "2021",
  title =        "s7",
  url =          "https://ccrma.stanford.edu/software/snd/snd/s7.html",
  lastaccessed = "June 5, 2021",
}

@Article{Puckette2002,
  author        = "Miller Puckette",
  title         = "Max at Seventeen",
  journal       = "Computer Music Journal",
  pages         = "44-51",
  volume        = 26,
  number        = 4,
  month         = dec,
  year          = 2002,
  doi           = "10.1162/014892602320991365",
  url           = "https://doi-org.ezproxy.library.uvic.ca/10.1162/014892602320991356"
}

@Article{Zicarelli2002,
  author        = "David Zicarelli",
  title         = "How I Learned to Love a Program That Does Nothing",
  journal       = "Computer Music Journal",
  pages         = "44-51",
  volume        = 26,
  number        = 4,
  month         = dec,
  year          = 2002,
  doi           = "10.1162/014892602320991365",
  url           = "https://doi-org.ezproxy.library.uvic.ca/10.1162/014892602320991365"
}

@online{MaxObjects2021,
  author =       "V.J. Manzo",
  year =         "2021",
  title =        "maxobjects.com",
  url =          "maxobjects.com",
  lastaccessed = "Jan 1, 2021"
}

@Incollection{Wang17,
  author =       "Ge Wang",
  title =        "A History of Programming and Music",
  booktitle =    "The Cambridge Companion to Electronic Music",
  publisher =    "Cambridge University Press",
  address =      "Cambridge, UK",
  year =         "2017",
  chapter =      "16",
  editor =       "Nick Collins and Julio D'Escrivan",
  pages =        "55-85",
  doi =          "10.1017/9781316459874.006",
}


@Article{Taube91,
  author        = "Heinrich Taube",
  title         = "Common Music: A Music Composition Language in Common Lisp and CLOS.",
  journal       = "Computer Music Journal",
  pages         = "21-32",
  volume        = 15,
  number        = 2,
  year          = 2002,
  doi           = "10.2307/3680913"
}

@Article{Sorensen2010,
  author        = "Andrew Sorensen and Henry Gardner",
  title         = "Programming with time: cyber-physical programming with Impromptu",
  journal       = "ACM SIGPLAN Notices",
  pages         = "822-834",
  volume        = 45,
  number        = 10,
  year          = 2010,
  doi           = "10.1145/1932682.1869526"
}

@online{Garton2011,
  author =       "Brad Garton",
  year =         "2011",
  title =        "maxlispj",
  url =          "http://sites.music.columbia.edu/brad/maxlispj/",
  lastaccessed = "Jan, 2011",
}

@Inproceedings{Vincenot2017,
  author =       "Julien Vincenot",
  year =         2017,
  title =        "LISP in Max: Exploratory Computer-Aided Composition in Real-Time",
  booktitle =    "International Computer Music Conference",
  volume =       2017,
  publisher =    "Michigan Publishing, University of Michigan Library",
  address =      "Ann Arbor, MI",
  pages =        "87-92",
  url =          "http://hdl.handle.net/2027/spo.bbp2372.2017.012"
}

@Article{Anderson1986,
  author        = "David P. Anderson and Ron Kuivila",
  title         = "Accurately Timed Generation of Discrete Musical Events",
  journal       = "Computer Music Journal",
  pages         = "48-56",
  volume        = 10,
  number        = 3,
  year          = 1986,
  doi           = "10.2307/3680259",
  url =          "https://www.jstor.org/stable/3680259"
}

@online{Cycling74,
  author =       "Cycling '74",
  title =        "Max JS Tutorial 3: JavaScript Tasks, Arguments, and Globals",
  url =          "https://docs.cycling74.com/max8/tutorials/javascriptchapter03",
}

@online{Matheussen2020,
  author =       "Kjetil Matheussen",
  year =         "2020",
  month =        "November",
  title =        "Re: [CM] S7s GC (CM-dist mailing list archive)",
  url =          "https://www.mail-archive.com/cmdist@ccrma.stanford.edu/msg05595.html"
}

@Inproceedings{Brandt1998,
  author        = "Eli Brandt and Roger Dannenberg",
  title         = "Low-Latency Music Software Using Off-The-Shelf Operating Systems",
  booktitle =    "ICMC",
  year          = 1998,
}

@Article{Dannenberg97,
  author        = "Roger B Dannenberg",
  title         = "The Implementation of Nyquist, A Sound Synthesis Language",
  journal       = "Computer Music Journal",
  pages         = "71-82",
  volume        = 21,
  number        = 3,
  year          = 1997,
  issn          = "0148-9267",
}

@Article{Lazzarini2013,
  author        = "Victor Lazzarini",
  title         = "The Development of Computer Music Programming Systems",
  journal       = "Journal of New Music Research",
  pages         = "97-110",
  volume        = 42,
  number        = 1,
  year          = 2013,
  doi           = "10.1080/09298215.2013.778890"
}

