%% This BibTeX bibliography file was created using BibDesk.
%% http://bibdesk.sourceforge.net/


%% Created for Dominique Fober at 2014-10-20 15:19:12 +0200 


%% Saved with string encoding Unicode (UTF-8) 



@inproceedings{Someone:13,
	Address = {Paris},
	Author = {A. Someone},
	Booktitle = {Proceedings of the International Conference on Technologies for Music Notation and Representation (TENOR'15)},
	Pages = {213--218},
	Title = {{Title of a Conference Paper}},
	Year = {2015}}

@article{Someone:09,
	Author = {A. Someone and B. Someone and C. Someone},
	Journal = {J. New Music Research},
	Number = {2},
	Pages = {111--222},
	Title = {The title of the journal paper},
	Volume = {12},
	Year = {2009}}

@book{Someone:04,
	Author = {X. Someone and Y. Someone},
	Publisher = {Springer-Verlag},
	Title = {The Title of a Book},
	Year = {2004}}

@incollection{ref:4,
	author = {Al Author}, 
	title = {{Title of a Book Chapter}}, 
	editor = {X. Editor1 and X. Editor2}, 
	booktitle = {{Book Title}},
	publisher = {publisher}, 
	year = {2018}}

@misc{ref:online,
 author = {X. Author},
 title = {{This is the title of an online text reference}},
 url = {http://the-address.org}}
 

